@misc{wearesocial,
  title = {Global internet usage in 2019},
  howpublished = {\url{https://wearesocial.com/blog/2019/01/digital-2019-global-internet-use-accelerates}},
  note = {Accessed: 2019-10-18}
}

@misc{varonis,
  title = {Cybersecurity statistics of 2019},
  howpublished = {\url{https://www.varonis.com/blog/cybersecurity-statistics/}},
  note = {Accessed: 2019-10-18}
}

@book{globalrisks,
    author    = "World Economic Forum",
    maintitle = "The Global Risks Report 2018",
    volume   = "13",  
    title = "The Global Risks Report 2018",
    year      = "2018",
    ISBN      = "978-1-944835-15-6"
}

@misc{network-attack-types,
  title = {Top 8 Network Attacks by Type in 2017},
  howpublished = {\url{https://www.calyptix.com/top-threats/top-8-network-attacks-type-2017/}},
  note = {Accessed: 2019-10-18}
}